<?xml version="1.0" encoding="utf-8"?>
<ENVELOPE>
  <HEADER>
    <VERSION>1</VERSION>
    <TALLYREQUEST>Export</TALLYREQUEST>
    <TYPE>Data</TYPE>
    <ID>Vouchers</ID>
  </HEADER>
  <BODY>
    <DESC>
      <STATICVARIABLES>
        <SVEXPORTFORMAT>$$SysName:XML</SVEXPORTFORMAT>
        <SVCURRENTCOMPANY>Sharma Kirana Store</SVCURRENTCOMPANY>
      </STATICVARIABLES>
    </DESC>
    <DATA>
      <COMPANYNAME>Sharma Kirana Store</COMPANYNAME>

      <!-- ==================== JANUARY 2026 ==================== -->

      <TALLYMESSAGE>
        <VOUCHER VCHTYPE="Sales">
          <DATE>20260101</DATE>
          <VOUCHERNUMBER>SAL-001</VOUCHERNUMBER>
          <PARTYLEDGERNAME>Gupta General Store</PARTYLEDGERNAME>
          <ALLLEDGERENTRIES.LIST>
            <LEDGERNAME>Gupta General Store</LEDGERNAME>
            <ISDEEMEDPOSITIVE>Yes</ISDEEMEDPOSITIVE>
            <AMOUNT>-3200.00</AMOUNT>
          </ALLLEDGERENTRIES.LIST>
          <ALLLEDGERENTRIES.LIST>
            <LEDGERNAME>Parle-G Biscuit 1kg</LEDGERNAME>
            <ISDEEMEDPOSITIVE>No</ISDEEMEDPOSITIVE>
            <AMOUNT>1200.00</AMOUNT>
          </ALLLEDGERENTRIES.LIST>
          <ALLLEDGERENTRIES.LIST>
            <LEDGERNAME>Tata Salt 1kg</LEDGERNAME>
            <ISDEEMEDPOSITIVE>No</ISDEEMEDPOSITIVE>
            <AMOUNT>900.00</AMOUNT>
          </ALLLEDGERENTRIES.LIST>
          <ALLLEDGERENTRIES.LIST>
            <LEDGERNAME>Fortune Oil 1L</LEDGERNAME>
            <ISDEEMEDPOSITIVE>No</ISDEEMEDPOSITIVE>
            <AMOUNT>1100.00</AMOUNT>
          </ALLLEDGERENTRIES.LIST>
        </VOUCHER>
      </TALLYMESSAGE>

      <TALLYMESSAGE>
        <VOUCHER VCHTYPE="Sales">
          <DATE>20260103</DATE>
          <VOUCHERNUMBER>SAL-002</VOUCHERNUMBER>
          <PARTYLEDGERNAME>Sharma Traders</PARTYLEDGERNAME>
          <ALLLEDGERENTRIES.LIST>
            <LEDGERNAME>Sharma Traders</LEDGERNAME>
            <ISDEEMEDPOSITIVE>Yes</ISDEEMEDPOSITIVE>
            <AMOUNT>-5500.00</AMOUNT>
          </ALLLEDGERENTRIES.LIST>
          <ALLLEDGERENTRIES.LIST>
            <LEDGERNAME>Surf Excel 1kg</LEDGERNAME>
            <ISDEEMEDPOSITIVE>No</ISDEEMEDPOSITIVE>
            <AMOUNT>2200.00</AMOUNT>
          </ALLLEDGERENTRIES.LIST>
          <ALLLEDGERENTRIES.LIST>
            <LEDGERNAME>Maggi Noodles 12pk</LEDGERNAME>
            <ISDEEMEDPOSITIVE>No</ISDEEMEDPOSITIVE>
            <AMOUNT>1800.00</AMOUNT>
          </ALLLEDGERENTRIES.LIST>
          <ALLLEDGERENTRIES.LIST>
            <LEDGERNAME>Amul Butter 500g</LEDGERNAME>
            <ISDEEMEDPOSITIVE>No</ISDEEMEDPOSITIVE>
            <AMOUNT>1500.00</AMOUNT>
          </ALLLEDGERENTRIES.LIST>
        </VOUCHER>
      </TALLYMESSAGE>

      <TALLYMESSAGE>
        <VOUCHER VCHTYPE="Sales">
          <DATE>20260105</DATE>
          <VOUCHERNUMBER>SAL-003</VOUCHERNUMBER>
          <PARTYLEDGERNAME>Patel Kirana</PARTYLEDGERNAME>
          <ALLLEDGERENTRIES.LIST>
            <LEDGERNAME>Patel Kirana</LEDGERNAME>
            <ISDEEMEDPOSITIVE>Yes</ISDEEMEDPOSITIVE>
            <AMOUNT>-2800.00</AMOUNT>
          </ALLLEDGERENTRIES.LIST>
          <ALLLEDGERENTRIES.LIST>
            <LEDGERNAME>Parle-G Biscuit 1kg</LEDGERNAME>
            <ISDEEMEDPOSITIVE>No</ISDEEMEDPOSITIVE>
            <AMOUNT>800.00</AMOUNT>
          </ALLLEDGERENTRIES.LIST>
          <ALLLEDGERENTRIES.LIST>
            <LEDGERNAME>Fortune Oil 1L</LEDGERNAME>
            <ISDEEMEDPOSITIVE>No</ISDEEMEDPOSITIVE>
            <AMOUNT>1200.00</AMOUNT>
          </ALLLEDGERENTRIES.LIST>
          <ALLLEDGERENTRIES.LIST>
            <LEDGERNAME>Tata Salt 1kg</LEDGERNAME>
            <ISDEEMEDPOSITIVE>No</ISDEEMEDPOSITIVE>
            <AMOUNT>800.00</AMOUNT>
          </ALLLEDGERENTRIES.LIST>
        </VOUCHER>
      </TALLYMESSAGE>

      <TALLYMESSAGE>
        <VOUCHER VCHTYPE="Sales">
          <DATE>20260108</DATE>
          <VOUCHERNUMBER>SAL-004</VOUCHERNUMBER>
          <PARTYLEDGERNAME>Walk-in Customer</PARTYLEDGERNAME>
          <ALLLEDGERENTRIES.LIST>
            <LEDGERNAME>Maggi Noodles 12pk</LEDGERNAME>
            <ISDEEMEDPOSITIVE>No</ISDEEMEDPOSITIVE>
            <AMOUNT>600.00</AMOUNT>
          </ALLLEDGERENTRIES.LIST>
          <ALLLEDGERENTRIES.LIST>
            <LEDGERNAME>Amul Butter 500g</LEDGERNAME>
            <ISDEEMEDPOSITIVE>No</ISDEEMEDPOSITIVE>
            <AMOUNT>500.00</AMOUNT>
          </ALLLEDGERENTRIES.LIST>
        </VOUCHER>
      </TALLYMESSAGE>

      <TALLYMESSAGE>
        <VOUCHER VCHTYPE="Sales">
          <DATE>20260110</DATE>
          <VOUCHERNUMBER>SAL-005</VOUCHERNUMBER>
          <PARTYLEDGERNAME>Singh General Store</PARTYLEDGERNAME>
          <ALLLEDGERENTRIES.LIST>
            <LEDGERNAME>Singh General Store</LEDGERNAME>
            <ISDEEMEDPOSITIVE>Yes</ISDEEMEDPOSITIVE>
            <AMOUNT>-4600.00</AMOUNT>
          </ALLLEDGERENTRIES.LIST>
          <ALLLEDGERENTRIES.LIST>
            <LEDGERNAME>Surf Excel 1kg</LEDGERNAME>
            <ISDEEMEDPOSITIVE>No</ISDEEMEDPOSITIVE>
            <AMOUNT>2200.00</AMOUNT>
          </ALLLEDGERENTRIES.LIST>
          <ALLLEDGERENTRIES.LIST>
            <LEDGERNAME>Fortune Oil 1L</LEDGERNAME>
            <ISDEEMEDPOSITIVE>No</ISDEEMEDPOSITIVE>
            <AMOUNT>1100.00</AMOUNT>
          </ALLLEDGERENTRIES.LIST>
          <ALLLEDGERENTRIES.LIST>
            <LEDGERNAME>Tata Salt 1kg</LEDGERNAME>
            <ISDEEMEDPOSITIVE>No</ISDEEMEDPOSITIVE>
            <AMOUNT>1300.00</AMOUNT>
          </ALLLEDGERENTRIES.LIST>
        </VOUCHER>
      </TALLYMESSAGE>

      <TALLYMESSAGE>
        <VOUCHER VCHTYPE="Sales">
          <DATE>20260112</DATE>
          <VOUCHERNUMBER>SAL-006</VOUCHERNUMBER>
          <PARTYLEDGERNAME>Mehta Provision</PARTYLEDGERNAME>
          <ALLLEDGERENTRIES.LIST>
            <LEDGERNAME>Mehta Provision</LEDGERNAME>
            <ISDEEMEDPOSITIVE>Yes</ISDEEMEDPOSITIVE>
            <AMOUNT>-3900.00</AMOUNT>
          </ALLLEDGERENTRIES.LIST>
          <ALLLEDGERENTRIES.LIST>
            <LEDGERNAME>Parle-G Biscuit 1kg</LEDGERNAME>
            <ISDEEMEDPOSITIVE>No</ISDEEMEDPOSITIVE>
            <AMOUNT>1400.00</AMOUNT>
          </ALLLEDGERENTRIES.LIST>
          <ALLLEDGERENTRIES.LIST>
            <LEDGERNAME>Maggi Noodles 12pk</LEDGERNAME>
            <ISDEEMEDPOSITIVE>No</ISDEEMEDPOSITIVE>
            <AMOUNT>1500.00</AMOUNT>
          </ALLLEDGERENTRIES.LIST>
          <ALLLEDGERENTRIES.LIST>
            <LEDGERNAME>Amul Butter 500g</LEDGERNAME>
            <ISDEEMEDPOSITIVE>No</ISDEEMEDPOSITIVE>
            <AMOUNT>1000.00</AMOUNT>
          </ALLLEDGERENTRIES.LIST>
        </VOUCHER>
      </TALLYMESSAGE>

      <TALLYMESSAGE>
        <VOUCHER VCHTYPE="Sales">
          <DATE>20260115</DATE>
          <VOUCHERNUMBER>SAL-007</VOUCHERNUMBER>
          <PARTYLEDGERNAME>Gupta General Store</PARTYLEDGERNAME>
          <ALLLEDGERENTRIES.LIST>
            <LEDGERNAME>Gupta General Store</LEDGERNAME>
            <ISDEEMEDPOSITIVE>Yes</ISDEEMEDPOSITIVE>
            <AMOUNT>-6200.00</AMOUNT>
          </ALLLEDGERENTRIES.LIST>
          <ALLLEDGERENTRIES.LIST>
            <LEDGERNAME>Fortune Oil 1L</LEDGERNAME>
            <ISDEEMEDPOSITIVE>No</ISDEEMEDPOSITIVE>
            <AMOUNT>2200.00</AMOUNT>
          </ALLLEDGERENTRIES.LIST>
          <ALLLEDGERENTRIES.LIST>
            <LEDGERNAME>Surf Excel 1kg</LEDGERNAME>
            <ISDEEMEDPOSITIVE>No</ISDEEMEDPOSITIVE>
            <AMOUNT>2200.00</AMOUNT>
          </ALLLEDGERENTRIES.LIST>
          <ALLLEDGERENTRIES.LIST>
            <LEDGERNAME>Tata Salt 1kg</LEDGERNAME>
            <ISDEEMEDPOSITIVE>No</ISDEEMEDPOSITIVE>
            <AMOUNT>1800.00</AMOUNT>
          </ALLLEDGERENTRIES.LIST>
        </VOUCHER>
      </TALLYMESSAGE>

      <TALLYMESSAGE>
        <VOUCHER VCHTYPE="Sales">
          <DATE>20260118</DATE>
          <VOUCHERNUMBER>SAL-008</VOUCHERNUMBER>
          <PARTYLEDGERNAME>Sharma Traders</PARTYLEDGERNAME>
          <ALLLEDGERENTRIES.LIST>
            <LEDGERNAME>Sharma Traders</LEDGERNAME>
            <ISDEEMEDPOSITIVE>Yes</ISDEEMEDPOSITIVE>
            <AMOUNT>-4800.00</AMOUNT>
          </ALLLEDGERENTRIES.LIST>
          <ALLLEDGERENTRIES.LIST>
            <LEDGERNAME>Parle-G Biscuit 1kg</LEDGERNAME>
            <ISDEEMEDPOSITIVE>No</ISDEEMEDPOSITIVE>
            <AMOUNT>1600.00</AMOUNT>
          </ALLLEDGERENTRIES.LIST>
          <ALLLEDGERENTRIES.LIST>
            <LEDGERNAME>Maggi Noodles 12pk</LEDGERNAME>
            <ISDEEMEDPOSITIVE>No</ISDEEMEDPOSITIVE>
            <AMOUNT>1800.00</AMOUNT>
          </ALLLEDGERENTRIES.LIST>
          <ALLLEDGERENTRIES.LIST>
            <LEDGERNAME>Amul Butter 500g</LEDGERNAME>
            <ISDEEMEDPOSITIVE>No</ISDEEMEDPOSITIVE>
            <AMOUNT>1400.00</AMOUNT>
          </ALLLEDGERENTRIES.LIST>
        </VOUCHER>
      </TALLYMESSAGE>

      <TALLYMESSAGE>
        <VOUCHER VCHTYPE="Sales">
          <DATE>20260120</DATE>
          <VOUCHERNUMBER>SAL-009</VOUCHERNUMBER>
          <PARTYLEDGERNAME>Patel Kirana</PARTYLEDGERNAME>
          <ALLLEDGERENTRIES.LIST>
            <LEDGERNAME>Patel Kirana</LEDGERNAME>
            <ISDEEMEDPOSITIVE>Yes</ISDEEMEDPOSITIVE>
            <AMOUNT>-5100.00</AMOUNT>
          </ALLLEDGERENTRIES.LIST>
          <ALLLEDGERENTRIES.LIST>
            <LEDGERNAME>Fortune Oil 1L</LEDGERNAME>
            <ISDEEMEDPOSITIVE>No</ISDEEMEDPOSITIVE>
            <AMOUNT>2200.00</AMOUNT>
          </ALLLEDGERENTRIES.LIST>
          <ALLLEDGERENTRIES.LIST>
            <LEDGERNAME>Surf Excel 1kg</LEDGERNAME>
            <ISDEEMEDPOSITIVE>No</ISDEEMEDPOSITIVE>
            <AMOUNT>1650.00</AMOUNT>
          </ALLLEDGERENTRIES.LIST>
          <ALLLEDGERENTRIES.LIST>
            <LEDGERNAME>Tata Salt 1kg</LEDGERNAME>
            <ISDEEMEDPOSITIVE>No</ISDEEMEDPOSITIVE>
            <AMOUNT>1250.00</AMOUNT>
          </ALLLEDGERENTRIES.LIST>
        </VOUCHER>
      </TALLYMESSAGE>

      <TALLYMESSAGE>
        <VOUCHER VCHTYPE="Sales">
          <DATE>20260122</DATE>
          <VOUCHERNUMBER>SAL-010</VOUCHERNUMBER>
          <PARTYLEDGERNAME>Walk-in Customer</PARTYLEDGERNAME>
          <ALLLEDGERENTRIES.LIST>
            <LEDGERNAME>Parle-G Biscuit 1kg</LEDGERNAME>
            <ISDEEMEDPOSITIVE>No</ISDEEMEDPOSITIVE>
            <AMOUNT>400.00</AMOUNT>
          </ALLLEDGERENTRIES.LIST>
          <ALLLEDGERENTRIES.LIST>
            <LEDGERNAME>Amul Butter 500g</LEDGERNAME>
            <ISDEEMEDPOSITIVE>No</ISDEEMEDPOSITIVE>
            <AMOUNT>500.00</AMOUNT>
          </ALLLEDGERENTRIES.LIST>
          <ALLLEDGERENTRIES.LIST>
            <LEDGERNAME>Maggi Noodles 12pk</LEDGERNAME>
            <ISDEEMEDPOSITIVE>No</ISDEEMEDPOSITIVE>
            <AMOUNT>300.00</AMOUNT>
          </ALLLEDGERENTRIES.LIST>
        </VOUCHER>
      </TALLYMESSAGE>

      <TALLYMESSAGE>
        <VOUCHER VCHTYPE="Sales">
          <DATE>20260125</DATE>
          <VOUCHERNUMBER>SAL-011</VOUCHERNUMBER>
          <PARTYLEDGERNAME>Mehta Provision</PARTYLEDGERNAME>
          <ALLLEDGERENTRIES.LIST>
            <LEDGERNAME>Mehta Provision</LEDGERNAME>
            <ISDEEMEDPOSITIVE>Yes</ISDEEMEDPOSITIVE>
            <AMOUNT>-5800.00</AMOUNT>
          </ALLLEDGERENTRIES.LIST>
          <ALLLEDGERENTRIES.LIST>
            <LEDGERNAME>Fortune Oil 1L</LEDGERNAME>
            <ISDEEMEDPOSITIVE>No</ISDEEMEDPOSITIVE>
            <AMOUNT>2200.00</AMOUNT>
          </ALLLEDGERENTRIES.LIST>
          <ALLLEDGERENTRIES.LIST>
            <LEDGERNAME>Tata Salt 1kg</LEDGERNAME>
            <ISDEEMEDPOSITIVE>No</ISDEEMEDPOSITIVE>
            <AMOUNT>1800.00</AMOUNT>
          </ALLLEDGERENTRIES.LIST>
          <ALLLEDGERENTRIES.LIST>
            <LEDGERNAME>Surf Excel 1kg</LEDGERNAME>
            <ISDEEMEDPOSITIVE>No</ISDEEMEDPOSITIVE>
            <AMOUNT>1800.00</AMOUNT>
          </ALLLEDGERENTRIES.LIST>
        </VOUCHER>
      </TALLYMESSAGE>

      <TALLYMESSAGE>
        <VOUCHER VCHTYPE="Sales">
          <DATE>20260128</DATE>
          <VOUCHERNUMBER>SAL-012</VOUCHERNUMBER>
          <PARTYLEDGERNAME>Singh General Store</PARTYLEDGERNAME>
          <ALLLEDGERENTRIES.LIST>
            <LEDGERNAME>Singh General Store</LEDGERNAME>
            <ISDEEMEDPOSITIVE>Yes</ISDEEMEDPOSITIVE>
            <AMOUNT>-3600.00</AMOUNT>
          </ALLLEDGERENTRIES.LIST>
          <ALLLEDGERENTRIES.LIST>
            <LEDGERNAME>Parle-G Biscuit 1kg</LEDGERNAME>
            <ISDEEMEDPOSITIVE>No</ISDEEMEDPOSITIVE>
            <AMOUNT>1200.00</AMOUNT>
          </ALLLEDGERENTRIES.LIST>
          <ALLLEDGERENTRIES.LIST>
            <LEDGERNAME>Maggi Noodles 12pk</LEDGERNAME>
            <ISDEEMEDPOSITIVE>No</ISDEEMEDPOSITIVE>
            <AMOUNT>1200.00</AMOUNT>
          </ALLLEDGERENTRIES.LIST>
          <ALLLEDGERENTRIES.LIST>
            <LEDGERNAME>Amul Butter 500g</LEDGERNAME>
            <ISDEEMEDPOSITIVE>No</ISDEEMEDPOSITIVE>
            <AMOUNT>1200.00</AMOUNT>
          </ALLLEDGERENTRIES.LIST>
        </VOUCHER>
      </TALLYMESSAGE>

      <!-- ==================== FEBRUARY 2026 ==================== -->

      <TALLYMESSAGE>
        <VOUCHER VCHTYPE="Sales">
          <DATE>20260201</DATE>
          <VOUCHERNUMBER>SAL-013</VOUCHERNUMBER>
          <PARTYLEDGERNAME>Gupta General Store</PARTYLEDGERNAME>
          <ALLLEDGERENTRIES.LIST>
            <LEDGERNAME>Gupta General Store</LEDGERNAME>
            <ISDEEMEDPOSITIVE>Yes</ISDEEMEDPOSITIVE>
            <AMOUNT>-7200.00</AMOUNT>
          </ALLLEDGERENTRIES.LIST>
          <ALLLEDGERENTRIES.LIST>
            <LEDGERNAME>Fortune Oil 1L</LEDGERNAME>
            <ISDEEMEDPOSITIVE>No</ISDEEMEDPOSITIVE>
            <AMOUNT>3300.00</AMOUNT>
          </ALLLEDGERENTRIES.LIST>
          <ALLLEDGERENTRIES.LIST>
            <LEDGERNAME>Surf Excel 1kg</LEDGERNAME>
            <ISDEEMEDPOSITIVE>No</ISDEEMEDPOSITIVE>
            <AMOUNT>2200.00</AMOUNT>
          </ALLLEDGERENTRIES.LIST>
          <ALLLEDGERENTRIES.LIST>
            <LEDGERNAME>Tata Salt 1kg</LEDGERNAME>
            <ISDEEMEDPOSITIVE>No</ISDEEMEDPOSITIVE>
            <AMOUNT>1700.00</AMOUNT>
          </ALLLEDGERENTRIES.LIST>
        </VOUCHER>
      </TALLYMESSAGE>

      <TALLYMESSAGE>
        <VOUCHER VCHTYPE="Sales">
          <DATE>20260205</DATE>
          <VOUCHERNUMBER>SAL-014</VOUCHERNUMBER>
          <PARTYLEDGERNAME>Sharma Traders</PARTYLEDGERNAME>
          <ALLLEDGERENTRIES.LIST>
            <LEDGERNAME>Sharma Traders</LEDGERNAME>
            <ISDEEMEDPOSITIVE>Yes</ISDEEMEDPOSITIVE>
            <AMOUNT>-6400.00</AMOUNT>
          </ALLLEDGERENTRIES.LIST>
          <ALLLEDGERENTRIES.LIST>
            <LEDGERNAME>Parle-G Biscuit 1kg</LEDGERNAME>
            <ISDEEMEDPOSITIVE>No</ISDEEMEDPOSITIVE>
            <AMOUNT>2000.00</AMOUNT>
          </ALLLEDGERENTRIES.LIST>
          <ALLLEDGERENTRIES.LIST>
            <LEDGERNAME>Maggi Noodles 12pk</LEDGERNAME>
            <ISDEEMEDPOSITIVE>No</ISDEEMEDPOSITIVE>
            <AMOUNT>2400.00</AMOUNT>
          </ALLLEDGERENTRIES.LIST>
          <ALLLEDGERENTRIES.LIST>
            <LEDGERNAME>Amul Butter 500g</LEDGERNAME>
            <ISDEEMEDPOSITIVE>No</ISDEEMEDPOSITIVE>
            <AMOUNT>2000.00</AMOUNT>
          </ALLLEDGERENTRIES.LIST>
        </VOUCHER>
      </TALLYMESSAGE>

      <TALLYMESSAGE>
        <VOUCHER VCHTYPE="Sales">
          <DATE>20260208</DATE>
          <VOUCHERNUMBER>SAL-015</VOUCHERNUMBER>
          <PARTYLEDGERNAME>Patel Kirana</PARTYLEDGERNAME>
          <ALLLEDGERENTRIES.LIST>
            <LEDGERNAME>Patel Kirana</LEDGERNAME>
            <ISDEEMEDPOSITIVE>Yes</ISDEEMEDPOSITIVE>
            <AMOUNT>-5500.00</AMOUNT>
          </ALLLEDGERENTRIES.LIST>
          <ALLLEDGERENTRIES.LIST>
            <LEDGERNAME>Fortune Oil 1L</LEDGERNAME>
            <ISDEEMEDPOSITIVE>No</ISDEEMEDPOSITIVE>
            <AMOUNT>2200.00</AMOUNT>
          </ALLLEDGERENTRIES.LIST>
          <ALLLEDGERENTRIES.LIST>
            <LEDGERNAME>Surf Excel 1kg</LEDGERNAME>
            <ISDEEMEDPOSITIVE>No</ISDEEMEDPOSITIVE>
            <AMOUNT>1650.00</AMOUNT>
          </ALLLEDGERENTRIES.LIST>
          <ALLLEDGERENTRIES.LIST>
            <LEDGERNAME>Tata Salt 1kg</LEDGERNAME>
            <ISDEEMEDPOSITIVE>No</ISDEEMEDPOSITIVE>
            <AMOUNT>1650.00</AMOUNT>
          </ALLLEDGERENTRIES.LIST>
        </VOUCHER>
      </TALLYMESSAGE>

      <TALLYMESSAGE>
        <VOUCHER VCHTYPE="Sales">
          <DATE>20260212</DATE>
          <VOUCHERNUMBER>SAL-016</VOUCHERNUMBER>
          <PARTYLEDGERNAME>Singh General Store</PARTYLEDGERNAME>
          <ALLLEDGERENTRIES.LIST>
            <LEDGERNAME>Singh General Store</LEDGERNAME>
            <ISDEEMEDPOSITIVE>Yes</ISDEEMEDPOSITIVE>
            <AMOUNT>-4200.00</AMOUNT>
          </ALLLEDGERENTRIES.LIST>
          <ALLLEDGERENTRIES.LIST>
            <LEDGERNAME>Parle-G Biscuit 1kg</LEDGERNAME>
            <ISDEEMEDPOSITIVE>No</ISDEEMEDPOSITIVE>
            <AMOUNT>1600.00</AMOUNT>
          </ALLLEDGERENTRIES.LIST>
          <ALLLEDGERENTRIES.LIST>
            <LEDGERNAME>Maggi Noodles 12pk</LEDGERNAME>
            <ISDEEMEDPOSITIVE>No</ISDEEMEDPOSITIVE>
            <AMOUNT>1400.00</AMOUNT>
          </ALLLEDGERENTRIES.LIST>
          <ALLLEDGERENTRIES.LIST>
            <LEDGERNAME>Fortune Oil 1L</LEDGERNAME>
            <ISDEEMEDPOSITIVE>No</ISDEEMEDPOSITIVE>
            <AMOUNT>1200.00</AMOUNT>
          </ALLLEDGERENTRIES.LIST>
        </VOUCHER>
      </TALLYMESSAGE>

      <TALLYMESSAGE>
        <VOUCHER VCHTYPE="Sales">
          <DATE>20260215</DATE>
          <VOUCHERNUMBER>SAL-017</VOUCHERNUMBER>
          <PARTYLEDGERNAME>Mehta Provision</PARTYLEDGERNAME>
          <ALLLEDGERENTRIES.LIST>
            <LEDGERNAME>Mehta Provision</LEDGERNAME>
            <ISDEEMEDPOSITIVE>Yes</ISDEEMEDPOSITIVE>
            <AMOUNT>-6800.00</AMOUNT>
          </ALLLEDGERENTRIES.LIST>
          <ALLLEDGERENTRIES.LIST>
            <LEDGERNAME>Surf Excel 1kg</LEDGERNAME>
            <ISDEEMEDPOSITIVE>No</ISDEEMEDPOSITIVE>
            <AMOUNT>2200.00</AMOUNT>
          </ALLLEDGERENTRIES.LIST>
          <ALLLEDGERENTRIES.LIST>
            <LEDGERNAME>Amul Butter 500g</LEDGERNAME>
            <ISDEEMEDPOSITIVE>No</ISDEEMEDPOSITIVE>
            <AMOUNT>2400.00</AMOUNT>
          </ALLLEDGERENTRIES.LIST>
          <ALLLEDGERENTRIES.LIST>
            <LEDGERNAME>Tata Salt 1kg</LEDGERNAME>
            <ISDEEMEDPOSITIVE>No</ISDEEMEDPOSITIVE>
            <AMOUNT>2200.00</AMOUNT>
          </ALLLEDGERENTRIES.LIST>
        </VOUCHER>
      </TALLYMESSAGE>

      <TALLYMESSAGE>
        <VOUCHER VCHTYPE="Sales">
          <DATE>20260218</DATE>
          <VOUCHERNUMBER>SAL-018</VOUCHERNUMBER>
          <PARTYLEDGERNAME>Walk-in Customer</PARTYLEDGERNAME>
          <ALLLEDGERENTRIES.LIST>
            <LEDGERNAME>Parle-G Biscuit 1kg</LEDGERNAME>
            <ISDEEMEDPOSITIVE>No</ISDEEMEDPOSITIVE>
            <AMOUNT>600.00</AMOUNT>
          </ALLLEDGERENTRIES.LIST>
          <ALLLEDGERENTRIES.LIST>
            <LEDGERNAME>Maggi Noodles 12pk</LEDGERNAME>
            <ISDEEMEDPOSITIVE>No</ISDEEMEDPOSITIVE>
            <AMOUNT>600.00</AMOUNT>
          </ALLLEDGERENTRIES.LIST>
          <ALLLEDGERENTRIES.LIST>
            <LEDGERNAME>Fortune Oil 1L</LEDGERNAME>
            <ISDEEMEDPOSITIVE>No</ISDEEMEDPOSITIVE>
            <AMOUNT>1100.00</AMOUNT>
          </ALLLEDGERENTRIES.LIST>
        </VOUCHER>
      </TALLYMESSAGE>

      <TALLYMESSAGE>
        <VOUCHER VCHTYPE="Sales">
          <DATE>20260222</DATE>
          <VOUCHERNUMBER>SAL-019</VOUCHERNUMBER>
          <PARTYLEDGERNAME>Gupta General Store</PARTYLEDGERNAME>
          <ALLLEDGERENTRIES.LIST>
            <LEDGERNAME>Gupta General Store</LEDGERNAME>
            <ISDEEMEDPOSITIVE>Yes</ISDEEMEDPOSITIVE>
            <AMOUNT>-8100.00</AMOUNT>
          </ALLLEDGERENTRIES.LIST>
          <ALLLEDGERENTRIES.LIST>
            <LEDGERNAME>Fortune Oil 1L</LEDGERNAME>
            <ISDEEMEDPOSITIVE>No</ISDEEMEDPOSITIVE>
            <AMOUNT>3300.00</AMOUNT>
          </ALLLEDGERENTRIES.LIST>
          <ALLLEDGERENTRIES.LIST>
            <LEDGERNAME>Surf Excel 1kg</LEDGERNAME>
            <ISDEEMEDPOSITIVE>No</ISDEEMEDPOSITIVE>
            <AMOUNT>2750.00</AMOUNT>
          </ALLLEDGERENTRIES.LIST>
          <ALLLEDGERENTRIES.LIST>
            <LEDGERNAME>Amul Butter 500g</LEDGERNAME>
            <ISDEEMEDPOSITIVE>No</ISDEEMEDPOSITIVE>
            <AMOUNT>2050.00</AMOUNT>
          </ALLLEDGERENTRIES.LIST>
        </VOUCHER>
      </TALLYMESSAGE>

      <TALLYMESSAGE>
        <VOUCHER VCHTYPE="Sales">
          <DATE>20260225</DATE>
          <VOUCHERNUMBER>SAL-020</VOUCHERNUMBER>
          <PARTYLEDGERNAME>Sharma Traders</PARTYLEDGERNAME>
          <ALLLEDGERENTRIES.LIST>
            <LEDGERNAME>Sharma Traders</LEDGERNAME>
            <ISDEEMEDPOSITIVE>Yes</ISDEEMEDPOSITIVE>
            <AMOUNT>-5200.00</AMOUNT>
          </ALLLEDGERENTRIES.LIST>
          <ALLLEDGERENTRIES.LIST>
            <LEDGERNAME>Parle-G Biscuit 1kg</LEDGERNAME>
            <ISDEEMEDPOSITIVE>No</ISDEEMEDPOSITIVE>
            <AMOUNT>1800.00</AMOUNT>
          </ALLLEDGERENTRIES.LIST>
          <ALLLEDGERENTRIES.LIST>
            <LEDGERNAME>Tata Salt 1kg</LEDGERNAME>
            <ISDEEMEDPOSITIVE>No</ISDEEMEDPOSITIVE>
            <AMOUNT>1600.00</AMOUNT>
          </ALLLEDGERENTRIES.LIST>
          <ALLLEDGERENTRIES.LIST>
            <LEDGERNAME>Maggi Noodles 12pk</LEDGERNAME>
            <ISDEEMEDPOSITIVE>No</ISDEEMEDPOSITIVE>
            <AMOUNT>1800.00</AMOUNT>
          </ALLLEDGERENTRIES.LIST>
        </VOUCHER>
      </TALLYMESSAGE>

      <!-- ==================== MARCH 2026 ==================== -->
      <!-- NOTE: Tata Salt sales taper off (anomaly trigger) -->

      <TALLYMESSAGE>
        <VOUCHER VCHTYPE="Sales">
          <DATE>20260301</DATE>
          <VOUCHERNUMBER>SAL-021</VOUCHERNUMBER>
          <PARTYLEDGERNAME>Patel Kirana</PARTYLEDGERNAME>
          <ALLLEDGERENTRIES.LIST>
            <LEDGERNAME>Patel Kirana</LEDGERNAME>
            <ISDEEMEDPOSITIVE>Yes</ISDEEMEDPOSITIVE>
            <AMOUNT>-6800.00</AMOUNT>
          </ALLLEDGERENTRIES.LIST>
          <ALLLEDGERENTRIES.LIST>
            <LEDGERNAME>Fortune Oil 1L</LEDGERNAME>
            <ISDEEMEDPOSITIVE>No</ISDEEMEDPOSITIVE>
            <AMOUNT>3300.00</AMOUNT>
          </ALLLEDGERENTRIES.LIST>
          <ALLLEDGERENTRIES.LIST>
            <LEDGERNAME>Surf Excel 1kg</LEDGERNAME>
            <ISDEEMEDPOSITIVE>No</ISDEEMEDPOSITIVE>
            <AMOUNT>2200.00</AMOUNT>
          </ALLLEDGERENTRIES.LIST>
          <ALLLEDGERENTRIES.LIST>
            <LEDGERNAME>Tata Salt 1kg</LEDGERNAME>
            <ISDEEMEDPOSITIVE>No</ISDEEMEDPOSITIVE>
            <AMOUNT>1300.00</AMOUNT>
          </ALLLEDGERENTRIES.LIST>
        </VOUCHER>
      </TALLYMESSAGE>

      <TALLYMESSAGE>
        <VOUCHER VCHTYPE="Sales">
          <DATE>20260305</DATE>
          <VOUCHERNUMBER>SAL-022</VOUCHERNUMBER>
          <PARTYLEDGERNAME>Mehta Provision</PARTYLEDGERNAME>
          <ALLLEDGERENTRIES.LIST>
            <LEDGERNAME>Mehta Provision</LEDGERNAME>
            <ISDEEMEDPOSITIVE>Yes</ISDEEMEDPOSITIVE>
            <AMOUNT>-7400.00</AMOUNT>
          </ALLLEDGERENTRIES.LIST>
          <ALLLEDGERENTRIES.LIST>
            <LEDGERNAME>Parle-G Biscuit 1kg</LEDGERNAME>
            <ISDEEMEDPOSITIVE>No</ISDEEMEDPOSITIVE>
            <AMOUNT>2400.00</AMOUNT>
          </ALLLEDGERENTRIES.LIST>
          <ALLLEDGERENTRIES.LIST>
            <LEDGERNAME>Amul Butter 500g</LEDGERNAME>
            <ISDEEMEDPOSITIVE>No</ISDEEMEDPOSITIVE>
            <AMOUNT>2800.00</AMOUNT>
          </ALLLEDGERENTRIES.LIST>
          <ALLLEDGERENTRIES.LIST>
            <LEDGERNAME>Maggi Noodles 12pk</LEDGERNAME>
            <ISDEEMEDPOSITIVE>No</ISDEEMEDPOSITIVE>
            <AMOUNT>2200.00</AMOUNT>
          </ALLLEDGERENTRIES.LIST>
        </VOUCHER>
      </TALLYMESSAGE>

      <TALLYMESSAGE>
        <VOUCHER VCHTYPE="Sales">
          <DATE>20260308</DATE>
          <VOUCHERNUMBER>SAL-023</VOUCHERNUMBER>
          <PARTYLEDGERNAME>Gupta General Store</PARTYLEDGERNAME>
          <ALLLEDGERENTRIES.LIST>
            <LEDGERNAME>Gupta General Store</LEDGERNAME>
            <ISDEEMEDPOSITIVE>Yes</ISDEEMEDPOSITIVE>
            <AMOUNT>-7900.00</AMOUNT>
          </ALLLEDGERENTRIES.LIST>
          <ALLLEDGERENTRIES.LIST>
            <LEDGERNAME>Fortune Oil 1L</LEDGERNAME>
            <ISDEEMEDPOSITIVE>No</ISDEEMEDPOSITIVE>
            <AMOUNT>3300.00</AMOUNT>
          </ALLLEDGERENTRIES.LIST>
          <ALLLEDGERENTRIES.LIST>
            <LEDGERNAME>Surf Excel 1kg</LEDGERNAME>
            <ISDEEMEDPOSITIVE>No</ISDEEMEDPOSITIVE>
            <AMOUNT>2750.00</AMOUNT>
          </ALLLEDGERENTRIES.LIST>
          <ALLLEDGERENTRIES.LIST>
            <LEDGERNAME>Amul Butter 500g</LEDGERNAME>
            <ISDEEMEDPOSITIVE>No</ISDEEMEDPOSITIVE>
            <AMOUNT>1850.00</AMOUNT>
          </ALLLEDGERENTRIES.LIST>
        </VOUCHER>
      </TALLYMESSAGE>

      <TALLYMESSAGE>
        <VOUCHER VCHTYPE="Sales">
          <DATE>20260312</DATE>
          <VOUCHERNUMBER>SAL-024</VOUCHERNUMBER>
          <PARTYLEDGERNAME>Sharma Traders</PARTYLEDGERNAME>
          <ALLLEDGERENTRIES.LIST>
            <LEDGERNAME>Sharma Traders</LEDGERNAME>
            <ISDEEMEDPOSITIVE>Yes</ISDEEMEDPOSITIVE>
            <AMOUNT>-6600.00</AMOUNT>
          </ALLLEDGERENTRIES.LIST>
          <ALLLEDGERENTRIES.LIST>
            <LEDGERNAME>Parle-G Biscuit 1kg</LEDGERNAME>
            <ISDEEMEDPOSITIVE>No</ISDEEMEDPOSITIVE>
            <AMOUNT>2400.00</AMOUNT>
          </ALLLEDGERENTRIES.LIST>
          <ALLLEDGERENTRIES.LIST>
            <LEDGERNAME>Maggi Noodles 12pk</LEDGERNAME>
            <ISDEEMEDPOSITIVE>No</ISDEEMEDPOSITIVE>
            <AMOUNT>2400.00</AMOUNT>
          </ALLLEDGERENTRIES.LIST>
          <ALLLEDGERENTRIES.LIST>
            <LEDGERNAME>Fortune Oil 1L</LEDGERNAME>
            <ISDEEMEDPOSITIVE>No</ISDEEMEDPOSITIVE>
            <AMOUNT>1800.00</AMOUNT>
          </ALLLEDGERENTRIES.LIST>
        </VOUCHER>
      </TALLYMESSAGE>

      <TALLYMESSAGE>
        <VOUCHER VCHTYPE="Sales">
          <DATE>20260315</DATE>
          <VOUCHERNUMBER>SAL-025</VOUCHERNUMBER>
          <PARTYLEDGERNAME>Walk-in Customer</PARTYLEDGERNAME>
          <ALLLEDGERENTRIES.LIST>
            <LEDGERNAME>Parle-G Biscuit 1kg</LEDGERNAME>
            <ISDEEMEDPOSITIVE>No</ISDEEMEDPOSITIVE>
            <AMOUNT>800.00</AMOUNT>
          </ALLLEDGERENTRIES.LIST>
          <ALLLEDGERENTRIES.LIST>
            <LEDGERNAME>Amul Butter 500g</LEDGERNAME>
            <ISDEEMEDPOSITIVE>No</ISDEEMEDPOSITIVE>
            <AMOUNT>1000.00</AMOUNT>
          </ALLLEDGERENTRIES.LIST>
          <ALLLEDGERENTRIES.LIST>
            <LEDGERNAME>Maggi Noodles 12pk</LEDGERNAME>
            <ISDEEMEDPOSITIVE>No</ISDEEMEDPOSITIVE>
            <AMOUNT>900.00</AMOUNT>
          </ALLLEDGERENTRIES.LIST>
        </VOUCHER>
      </TALLYMESSAGE>

      <!-- Tata Salt last sale — after this date it's dead stock (anomaly) -->
      <TALLYMESSAGE>
        <VOUCHER VCHTYPE="Sales">
          <DATE>20260318</DATE>
          <VOUCHERNUMBER>SAL-026</VOUCHERNUMBER>
          <PARTYLEDGERNAME>Singh General Store</PARTYLEDGERNAME>
          <ALLLEDGERENTRIES.LIST>
            <LEDGERNAME>Singh General Store</LEDGERNAME>
            <ISDEEMEDPOSITIVE>Yes</ISDEEMEDPOSITIVE>
            <AMOUNT>-5800.00</AMOUNT>
          </ALLLEDGERENTRIES.LIST>
          <ALLLEDGERENTRIES.LIST>
            <LEDGERNAME>Fortune Oil 1L</LEDGERNAME>
            <ISDEEMEDPOSITIVE>No</ISDEEMEDPOSITIVE>
            <AMOUNT>2200.00</AMOUNT>
          </ALLLEDGERENTRIES.LIST>
          <ALLLEDGERENTRIES.LIST>
            <LEDGERNAME>Surf Excel 1kg</LEDGERNAME>
            <ISDEEMEDPOSITIVE>No</ISDEEMEDPOSITIVE>
            <AMOUNT>2200.00</AMOUNT>
          </ALLLEDGERENTRIES.LIST>
          <ALLLEDGERENTRIES.LIST>
            <LEDGERNAME>Tata Salt 1kg</LEDGERNAME>
            <ISDEEMEDPOSITIVE>No</ISDEEMEDPOSITIVE>
            <AMOUNT>1400.00</AMOUNT>
          </ALLLEDGERENTRIES.LIST>
        </VOUCHER>
      </TALLYMESSAGE>

      <TALLYMESSAGE>
        <VOUCHER VCHTYPE="Sales">
          <DATE>20260320</DATE>
          <VOUCHERNUMBER>SAL-027</VOUCHERNUMBER>
          <PARTYLEDGERNAME>Gupta General Store</PARTYLEDGERNAME>
          <ALLLEDGERENTRIES.LIST>
            <LEDGERNAME>Gupta General Store</LEDGERNAME>
            <ISDEEMEDPOSITIVE>Yes</ISDEEMEDPOSITIVE>
            <AMOUNT>-9200.00</AMOUNT>
          </ALLLEDGERENTRIES.LIST>
          <ALLLEDGERENTRIES.LIST>
            <LEDGERNAME>Fortune Oil 1L</LEDGERNAME>
            <ISDEEMEDPOSITIVE>No</ISDEEMEDPOSITIVE>
            <AMOUNT>4400.00</AMOUNT>
          </ALLLEDGERENTRIES.LIST>
          <ALLLEDGERENTRIES.LIST>
            <LEDGERNAME>Parle-G Biscuit 1kg</LEDGERNAME>
            <ISDEEMEDPOSITIVE>No</ISDEEMEDPOSITIVE>
            <AMOUNT>2400.00</AMOUNT>
          </ALLLEDGERENTRIES.LIST>
          <ALLLEDGERENTRIES.LIST>
            <LEDGERNAME>Amul Butter 500g</LEDGERNAME>
            <ISDEEMEDPOSITIVE>No</ISDEEMEDPOSITIVE>
            <AMOUNT>2400.00</AMOUNT>
          </ALLLEDGERENTRIES.LIST>
        </VOUCHER>
      </TALLYMESSAGE>

    </DATA>
  </BODY>
</ENVELOPE>
